<?xml version="1.0" encoding="UTF-8"?>
<record xmlns="http://www.loc.gov/MARC21/slim">
   <leader>01261cam a2200325   4500</leader>
   <controlfield tag="001">460216</controlfield>
   <controlfield tag="003">NjP</controlfield>
   <controlfield tag="005">20190705140745.0</controlfield>
   <controlfield tag="008">880808m19229999ua c          000 1 arard</controlfield>
   <datafield tag="024" ind1="7" ind2=" ">
      <subfield code="a">princeton_aco004014</subfield>
      <subfield code="2">local</subfield>
   </datafield>
   <datafield ind1=" " ind2=" " tag="010">
      <subfield code="a">   74224202 </subfield>
   </datafield>
   <datafield ind1=" " ind2=" " tag="040">
      <subfield code="a">PUL</subfield>
      <subfield code="c">PUL</subfield>
      <subfield code="d">PUL</subfield>
   </datafield>
   <datafield ind1=" " ind2=" " tag="035">
      <subfield code="a">(CStRLIN)NJPG88-B39893</subfield>
   </datafield>
   <datafield ind1=" " ind2=" " tag="035">
      <subfield code="9">ACD5867TS</subfield>
   </datafield>
   <datafield ind1=" " ind2=" " tag="035">
      <subfield code="a">(NjP)460216</subfield>
   </datafield>
   <datafield ind1=" " ind2=" " tag="050">
      <subfield code="a">PJ7691</subfield>
      <subfield code="b">.H3</subfield>
   </datafield>
   <datafield ind1=" " ind2=" " tag="049">
      <subfield code="a">PULL</subfield>
   </datafield>
   <datafield ind1=" " ind2=" " tag="035">
      <subfield code="a">(OCoLC)ocm79292150</subfield>
   </datafield>
   <datafield ind1="1" ind2=" " tag="100">
      <subfield code="6">880-01</subfield>
      <subfield code="a">Ḥajjāj, Muḥammad Kāmil.</subfield>
   </datafield>
   <datafield ind1="1" ind2="0" tag="245">
      <subfield code="6">880-02</subfield>
      <subfield code="a">Balāghat al-Gharb,</subfield>
      <subfield code="b">aḥāsin al-maḥāsin wa-ghurar al-durar min qariḍ al-Gharb wa-natharih.</subfield>
      <subfield code="c">ʻArrabahu Muḥammad Kāmil Ḥajjāj.</subfield>
   </datafield>
   <datafield ind1=" " ind2=" " tag="260">
      <subfield code="6">880-03</subfield>
      <subfield code="a">Miṣr,</subfield>
      <subfield code="b">Maṭbaʻat al-Shams</subfield>
      <subfield code="c">1922-</subfield>
   </datafield>
   <datafield ind1=" " ind2=" " tag="300">
      <subfield code="a">v.</subfield>
      <subfield code="b">ports.</subfield>
      <subfield code="c">24 cm.</subfield>
   </datafield>
   <datafield ind1=" " ind2="0" tag="650">
      <subfield code="a">Literature, Modern</subfield>
      <subfield code="x">Translations into Arabic.</subfield>
   </datafield>
   <datafield ind1="1" ind2=" " tag="880">
      <subfield code="6">100-01/r</subfield>
      <subfield code="a">حجاج، محمد كامل.</subfield>
   </datafield>
   <datafield ind1="1" ind2="0" tag="880">
      <subfield code="6">245-02/r</subfield>
      <subfield code="a">بلاغة الغرب،</subfield>
      <subfield code="b">احاسن المحاسن وغرر الدرر من قرض الغرب ونثره.</subfield>
      <subfield code="c">عربه محمد كامل حجاج.</subfield>
   </datafield>
   <datafield ind1=" " ind2=" " tag="880">
      <subfield code="6">260-03/r</subfield>
      <subfield code="a">مصر،</subfield>
      <subfield code="b">مطبعة الشمس</subfield>
      <subfield code="c">1922-</subfield>
   </datafield>
   <datafield ind1=" " ind2=" " tag="998">
      <subfield code="a">09/02/88</subfield>
      <subfield code="s">9114</subfield>
      <subfield code="n">NjP</subfield>
      <subfield code="w">NJPG88B39893</subfield>
      <subfield code="d">08/08/88</subfield>
      <subfield code="c">KVV</subfield>
      <subfield code="b">KVV</subfield>
      <subfield code="i">880902</subfield>
      <subfield code="l">NJPG</subfield>
   </datafield>
   <datafield ind1=" " ind2=" " tag="911">
      <subfield code="a">19921028</subfield>
   </datafield>
   <datafield ind1=" " ind2=" " tag="912">
      <subfield code="a">19970814055609.0</subfield>
   </datafield>
   <datafield ind1=" " ind2=" " tag="994">
      <subfield code="a">C0</subfield>
      <subfield code="b">PUL</subfield>
   </datafield>
   <datafield ind1=" " ind2=" " tag="999">
      <subfield code="a">460216</subfield>
   </datafield>
   <datafield ind1=" " ind2=" " tag="979">
      <subfield code="a">(OCoLC)ocn175413869</subfield>
   </datafield>
   <datafield ind1="0" ind2="1" tag="852">
      <subfield code="0">500595</subfield>
      <subfield code="b">rcppa</subfield>
      <subfield code="t">1</subfield>
      <subfield code="h">PJ7691</subfield>
      <subfield code="i">.H3</subfield>
      <subfield code="x">tr fr arab</subfield>
   </datafield>
   <datafield ind1=" " ind2="0" tag="866">
      <subfield code="0">500595</subfield>
      <subfield code="8">0</subfield>
      <subfield code="a">juzʾ 2</subfield>
   </datafield>
   <datafield ind1=" " ind2="0" tag="866">
      <subfield code="0">500595</subfield>
      <subfield code="8">0</subfield>
      <subfield code="x">ADD AS: juzʾ</subfield>
   </datafield>
   <datafield ind1=" " ind2=" " tag="959">
      <subfield code="a">2000-06-13 00:00:00 -0400</subfield>
   </datafield>
</record>
